<?xml version="1.0" encoding="UTF-8"?>
<collection xmlns:xsi="http://www.w3.org/2001/XMLSchema-instance" xsi:schemaLocation="http://www.loc.gov/MARC21/slim http://www.loc.gov/standards/marcxml/schema/MARC21slim.xsd" xmlns="http://www.loc.gov/MARC21/slim">
<record>
  <leader>01469cam a2200337 a 4500</leader>
  <controlfield tag="001">2627456</controlfield>
  <controlfield tag="003">NNC</controlfield>
  <controlfield tag="005">20130425135945.0</controlfield>
  <controlfield tag="008">830907s1974    ir       b    001 0 ara  </controlfield>
  <datafield tag="010" ind1=" " ind2=" ">
    <subfield code="a">   76960986 </subfield>
  </datafield>
  <datafield tag="035" ind1=" " ind2=" ">
    <subfield code="a">(OCoLC)ocm09882987</subfield>
  </datafield>
  <datafield tag="035" ind1=" " ind2=" ">
    <subfield code="9">AQX1400CU</subfield>
  </datafield>
  <datafield tag="035" ind1=" " ind2=" ">
    <subfield code="a">(NNC)2627456</subfield>
  </datafield>
  <datafield tag="040" ind1=" " ind2=" ">
    <subfield code="a">DLC</subfield>
    <subfield code="c">IUL</subfield>
    <subfield code="d">ZCU</subfield>
  </datafield>
  <datafield tag="050" ind1=" " ind2=" ">
    <subfield code="a">R138</subfield>
    <subfield code="b">.S56 1974</subfield>
  </datafield>
  <datafield tag="100" ind1="1" ind2=" ">
    <subfield code="a">Sijistānī, Muḥammad ibn Ṭāhir,</subfield>
    <subfield code="d">active 10th century.</subfield>
  </datafield>
  <datafield tag="240" ind1="1" ind2="0">
    <subfield code="a">Ṣiwān al-ḥikmah.</subfield>
    <subfield code="k">Selections.</subfield>
    <subfield code="f">1974</subfield>
  </datafield>
  <datafield tag="245" ind1="1" ind2="0">
    <subfield code="a">Ṣiwān al-ḥikmah wa-thalāth rasā'il /</subfield>
    <subfield code="c">ta'līf Abū Sulaymān al-Manṭiqī al-Sijistānī ; ḥaqqaqahu wa-qaddam lahu ʻAbd al-Raḥmān Badawī.</subfield>
  </datafield>
  <datafield tag="260" ind1=" " ind2=" ">
    <subfield code="a">Ṭihrān :</subfield>
    <subfield code="b">Bunyād-i Farhang-i Īrān,</subfield>
    <subfield code="c">1974.</subfield>
  </datafield>
  <datafield tag="300" ind1=" " ind2=" ">
    <subfield code="a">397, 44 p. ;</subfield>
    <subfield code="c">25 cm.</subfield>
  </datafield>
  <datafield tag="500" ind1=" " ind2=" ">
    <subfield code="a">Title on added t.p.: Muntakhab Ṣiwān al-ḥikmah et trois traités.</subfield>
  </datafield>
  <datafield tag="500" ind1=" " ind2=" ">
    <subfield code="a">Introd. in French and Arabic.</subfield>
  </datafield>
  <datafield tag="504" ind1=" " ind2=" ">
    <subfield code="a">Bibliography: p. 397.</subfield>
  </datafield>
  <datafield tag="500" ind1=" " ind2=" ">
    <subfield code="a">Includes index.</subfield>
  </datafield>
  <datafield tag="505" ind1="2" ind2=" ">
    <subfield code="a">Maqālah fī anna al-ajrām al-ʻulwīyah dhawāt anfus nāṭiqah. -- Maqālah fī al-muḥarrik al-awwal. -- Maqālah fī al-kamāl al-khāṣṣ bi-nawʻ al-insān.</subfield>
  </datafield>
  <datafield tag="650" ind1=" " ind2="0">
    <subfield code="a">Medicine, Greek and Roman</subfield>
    <subfield code="x">History</subfield>
    <subfield code="v">Early works to 1800.</subfield>
  </datafield>
  <datafield tag="650" ind1=" " ind2="0">
    <subfield code="a">Islamic philosophy</subfield>
    <subfield code="x">History.</subfield>
  </datafield>
  <datafield tag="650" ind1=" " ind2="0">
    <subfield code="a">Islamic philosophy</subfield>
    <subfield code="v">Early works to 1800.</subfield>
  </datafield>
  <datafield tag="700" ind1="1" ind2=" ">
    <subfield code="a">Badawī, ʻAbd al-Raḥmān.</subfield>
  </datafield>
  <datafield tag="740" ind1="0" ind2="1">
    <subfield code="a">Muntakhab Ṣiwān al-ḥikmah et trois traités.</subfield>
  </datafield>
  <datafield tag="955" ind1=" " ind2=" ">
    <subfield code="b">0022061894</subfield>
    <subfield code="d">glx</subfield>
    <subfield code="e">R138 .S56 1974</subfield>
  </datafield>
</record>
</collection>